@incollection{AndersonR2020,
    title = {{Security engineering: a guide to building dependable distributed systems}},
    year = {2020},
    author = {Anderson, Ross},
    pages = {170--170}
}

@article{Scarani2009,
    title = {{The security of practical quantum key distribution}},
    year = {2009},
    journal = {Reviews of Modern Physics},
    author = {Scarani, Valerio and Bechmann-Pasquinucci, Helle and Cerf, Nicolas J. and Du{\v{s}}ek, Miloslav and L{\"{u}}tkenhaus, Norbert and Peev, Momtchil},
    number = {3},
    month = {9},
    pages = {1301--1350},
    volume = {81},
    publisher = {American Physical Society},
    url = {https://journals.aps.org/rmp/abstract/10.1103/RevModPhys.81.1301},
    doi = {10.1103/REVMODPHYS.81.1301/FIGURES/9/MEDIUM},
    issn = {00346861},
    arxivId = {0802.4155}
}

@article{Bellizia2021Post-QuantumDesign,
    title = {{Post-Quantum Cryptography: Challenges and Opportunities for Robust and Secure HW Design}},
    year = {2021},
    journal = {Proceedings - IEEE International Symposium on Defect and Fault Tolerance in VLSI and Nanotechnology Systems, DFT},
    author = {Bellizia, Davide and El Mrabet, Nadia and Fournaris, Apostolos P. and Ponti{\'{e}}, Simon and Regazzoni, Francesco and Standaert, François Xavier and Tasso, Élise and Valea, Emanuele},
    volume = {2021-October},
    publisher = {Institute of Electrical and Electronics Engineers Inc.},
    isbn = {9781665416092},
    doi = {10.1109/DFT52944.2021.9568301},
    issn = {2765933X}
}